<record><leader>00000cas a22000007a 4500</leader><controlfield tag="001">21028967</controlfield><controlfield tag="008">900209d18721872mnuwr ne      0    0eng d</controlfield><datafield ind1=" " ind2=" " tag="010"><subfield code="a">sn 89064039 </subfield></datafield><datafield ind1=" " ind2=" " tag="040"><subfield code="a">MN#</subfield><subfield code="b">eng</subfield><subfield code="c">MN#</subfield><subfield code="d">OCLCQ</subfield></datafield><datafield ind1=" " ind2=" " tag="042"><subfield code="a">msc</subfield></datafield><datafield ind1=" " ind2=" " tag="043"><subfield code="a">n-us-mn</subfield></datafield><datafield ind1=" " ind2=" " tag="052"><subfield code="a">4144</subfield><subfield code="b">L175</subfield></datafield><datafield ind1=" " ind2=" " tag="052"><subfield code="a">4143</subfield><subfield code="b">L2</subfield></datafield><datafield ind1="0" ind2=" " tag="130"><subfield code="a">Lac qui Parle press (Lac qui Parle, Minn. : 1872)</subfield></datafield><datafield ind1="1" ind2="0" tag="245"><subfield code="a">Lac qui Parle press.</subfield></datafield><datafield ind1=" " ind2=" " tag="260"><subfield code="a">Lac qui Parle, Minn. :</subfield><subfield code="b">Coghlan &amp; Tibbetts,</subfield><subfield code="c">1872-</subfield></datafield><datafield ind1=" " ind2=" " tag="300"><subfield code="a">v.</subfield></datafield><datafield ind1=" " ind2=" " tag="310"><subfield code="a">Weekly</subfield></datafield><datafield ind1="0" ind2=" " tag="362"><subfield code="a">Vol. 1, no. 1 (Nov. 23, 1872)-</subfield></datafield><datafield ind1="1" ind2=" " tag="362"><subfield code="a">Ceased in 1872.</subfield></datafield><datafield ind1=" " ind2=" " tag="530"><subfield code="a">Available on microfilm from the Minnesota Historical Society.</subfield></datafield><datafield ind1=" " ind2="0" tag="651"><subfield code="a">Lac qui Parle (Minn.)</subfield><subfield code="v">Newspapers.</subfield></datafield><datafield ind1=" " ind2=" " tag="752"><subfield code="a">United States</subfield><subfield code="b">Minnesota</subfield><subfield code="c">Lac qui Parle</subfield><subfield code="d">Lac qui Parle.</subfield></datafield><datafield ind1="0" ind2="0" tag="785"><subfield code="t">Lac qui Parle County press (Lac qui Parle, Minn. : 1873)</subfield><subfield code="w">(DLC)sn 85025504</subfield></datafield></record>